

%@electronic{ref:oracle,
% author        = "{Oracle News Staff}",
% title         = "{``Oracle Database 11g: Product Editions \& Features''}",
% url           = "http://www.oracle.com/database/product_editions.html",
% note          = "[Accessed: March 15, 2009]",
% month         = mar,
% year          = "2009"
%}

